<mjloggm ver="2.3"><GO type="169" lobby="0"/><UN n0="%73%68%61%70%65%6C%65%72" n1="%65%69%6B%31" n2="%62%75%74%69%74%61%6D%61" n3="%54%61%6E%70%61%61%63%68" dan="16,17,18,16" rate="2092.40,2133.05,2179.29,2038.06" sx="M,M,M,M"/><TAIKYOKU oya="0"/><INIT seed="0,0,0,2,1,120" ten="250,250,250,250" oya="0" hai0="72,43,11,3,67,35,95,125,71,85,29,34,17" hai1="20,13,7,38,77,124,103,57,58,49,78,42,0" hai2="44,4,63,97,94,112,109,84,134,51,61,37,100" hai3="76,79,74,119,108,107,52,110,90,25,12,10,14"/><T127/><D72/><U81/><E124/><V80/><F112/><W47/><G119/><T121/><D43/><U123/><E123/><V40/><F134/><W87/><G107/><T54/><D121/><U73/><E78/><V32/><F32/><W50/><G25/><T27/><D35/><U59/><E103/><V60/><F4/><W111/><G12/><T114/><D114/><U88/><E20/><V116/><F116/><W8/><G74/><T48/><D67/><U118/><E13/><V19/><F19/><N who="3" m="8647" /><G10/><T26/><D71/><U41/><E118/><V62/><N who="2" m="15360" /><DORA hai="66" /><V28/><F28/><W102/><G102/><T132/><D132/><U133/><E133/><V53/><F109/><W105/><G105/><T56/><D26/><U21/><E21/><V68/><F68/><W69/><G69/><T117/><D117/><U96/><E7/><V39/><REACH who="2" step="1"/><F40/><REACH who="2" ten="250,250,240,250" step="2"/><W128/><G128/><T106/><D17/><U2/><E42/><V92/><F92/><AGARI ba="0,1" hai="47,50,52,76,79,87,90,92,108,110,111" m="8647" machi="92" ten="30,8000,1" yaku="14,1,52,3,54,1" doraHai="120,66" who="3" fromWho="2" sc="250,0,250,0,240,-80,250,90" /><INIT seed="1,0,0,5,2,115" ten="250,250,160,340" oya="1" hai0="78,95,29,110,15,118,127,11,1,93,109,133,60" hai1="36,86,71,19,112,21,4,75,47,39,119,23,130" hai2="57,61,87,28,98,66,56,34,116,10,30,99,81" hai3="88,58,6,126,16,38,132,59,80,55,3,52,65"/><U14/><E75/><V70/><F116/><W24/><G38/><T2/><D78/><U22/><E112/><V125/><F125/><W31/><G126/><T135/><D60/><U33/><E33/><V89/><F70/><W96/><G132/><N who="0" m="50763" /><D127/><U76/><E119/><V64/><F10/><W106/><G106/><T12/><D118/><U107/><E71/><V5/><F5/><W49/><G65/><T105/><D105/><U131/><E4/><V27/><REACH who="2" step="1"/><F30/><REACH who="2" ten="250,250,150,340" step="2"/><W50/><G6/><N who="0" m="1487" /><D29/><U42/><E131/><V17/><F17/><W13/><G31/><T32/><D2/><U113/><E130/><V74/><F74/><W7/><G3/><T79/><D32/><U54/><E19/><V91/><F91/><W120/><G7/><T43/><D79/><U84/><E76/><V103/><F103/><W9/><G120/><T51/><D110/><U124/><E124/><V41/><F41/><W73/><G73/><T122/><D109/><U53/><E42/><V68/><F68/><W117/><G117/><T97/><D122/><U20/><E113/><V92/><F92/><N who="0" m="35402" /><D97/><U62/><E107/><V72/><F72/><W77/><G96/><T94/><D94/><U67/><E22/><V25/><F25/><W101/><G77/><T100/><D100/><U104/><E21/><V45/><F45/><AGARI ba="0,1" hai="12,15,43,45,51" m="35402,1487,50763" machi="45" ten="30,1000,0" yaku="20,1" doraHai="115" who="0" fromWho="2" sc="250,20,250,0,150,-10,340,0" /><INIT seed="2,0,0,3,1,133" ten="270,250,140,340" oya="2" hai0="39,4,115,53,1,99,49,28,104,108,36,78,18" hai1="106,46,9,134,42,72,127,125,94,91,2,60,41" hai2="14,63,87,113,135,95,117,11,12,73,84,29,54" hai3="45,83,57,126,43,5,7,23,0,47,68,111,34"/><V85/><F117/><W109/><G126/><N who="1" m="48138" /><E106/><V114/><F73/><W35/><G68/><T15/><D78/><U52/><E72/><V123/><F123/><W105/><G105/><T121/><D108/><N who="3" m="41545" /><G57/><T98/><D115/><U16/><E134/><V110/><F135/><W3/><G83/><T44/><D121/><U24/><E2/><N who="3" m="554" /><G23/><T81/><D81/><U56/><E46/><N who="3" m="17418" /><G43/><T122/><D28/><U90/><E90/><V129/><F29/><W40/><G40/><T76/><D76/><U6/><E6/><AGARI ba="0,0" hai="5,6,7,34,35" m="17418,554,41545" machi="6" ten="40,5200,0" yaku="28,2,14,1" doraHai="133" who="3" fromWho="1" sc="270,0,250,-52,140,0,340,52" /><INIT seed="3,0,0,1,4,73" ten="270,198,140,392" oya="3" hai0="102,15,57,93,63,47,30,53,23,76,17,67,74" hai1="24,58,8,86,59,49,128,7,66,82,71,135,68" hai2="132,1,38,122,105,50,100,56,0,87,27,118,123" hai3="64,75,54,96,45,109,29,134,41,51,95,80,83"/><W125/><G125/><T99/><D30/><U108/><E108/><V3/><F38/><W98/><G134/><T121/><D121/><N who="2" m="46090" /><F118/><W116/><G116/><T36/><D36/><U31/><E135/><V133/><F105/><W2/><G2/><T18/><D18/><U78/><E128/><V26/><F100/><W60/><G109/><T79/><D74/><U11/><E11/><V112/><F112/><W65/><G29/><T55/><D47/><U48/><E68/><V129/><F129/><W104/><G104/><T107/><D107/><U113/><E71/><V14/><F87/><W52/><G75/><T9/><D9/><U114/><E113/><V21/><F50/><W12/><G12/><T84/><D84/><U37/><E37/><V94/><F56/><W19/><G19/><T127/><D127/><U90/><E114/><V91/><F94/><W25/><G25/><N who="2" m="9225" /><F91/><W43/><G95/><T22/><D22/><U39/><E39/><V130/><F130/><W40/><G40/><T62/><REACH who="0" step="1"/><D53/><REACH who="0" ten="260,198,140,392" step="2"/><U106/><E106/><V44/><F44/><W72/><G45/><T70/><AGARI ba="0,1" hai="15,17,23,55,57,62,63,67,70,76,79,93,99,102" machi="70" ten="20,12000,2" yaku="1,1,2,1,0,1,7,1,52,2,53,0" doraHai="73" doraHaiUra="131" who="0" fromWho="0" sc="260,130,198,-30,140,-30,392,-60" /><INIT seed="4,0,0,1,3,119" ten="390,168,110,332" oya="0" hai0="83,17,31,105,24,4,11,10,64,28,46,94,122" hai1="81,133,51,111,25,109,52,42,116,118,71,129,108" hai2="88,117,32,27,123,130,67,3,128,82,0,85,48" hai3="45,54,107,97,9,91,102,80,57,79,76,106,101"/><T95/><D105/><U55/><E81/><V35/><F117/><N who="1" m="45161" /><E25/><V36/><F36/><W26/><G9/><T73/><D17/><U120/><E129/><N who="2" m="49771" /><F123/><W87/><G26/><T43/><D122/><U63/><E120/><V61/><F48/><W2/><G2/><N who="2" m="553" /><F27/><W62/><G45/><T8/><D4/><U41/><E133/><V12/><F12/><W121/><G54/><N who="1" m="20522" /><E51/><V44/><F44/><W16/><G62/><T68/><D31/><U110/><E110/><V65/><F65/><AGARI ba="0,0" hai="41,42,63,65,71,108,109,111" m="20522,45161" machi="65" ten="40,5200,0" yaku="34,2,54,1" doraHai="119" who="1" fromWho="2" sc="390,0,168,52,110,-52,332,0" /><INIT seed="5,0,0,4,1,25" ten="390,220,58,332" oya="1" hai0="42,64,124,129,121,113,130,45,57,93,86,76,54" hai1="21,98,3,28,118,73,43,107,96,108,71,29,84" hai2="92,65,52,20,47,63,26,50,79,83,85,106,56" hai3="81,5,80,0,67,27,126,120,94,103,111,10,90"/><U46/><E73/><V100/><F106/><W61/><G120/><T2/><D2/><U110/><E118/><V87/><F100/><W15/><G111/><N who="1" m="42538" /><E3/><V112/><F112/><W69/><G126/><T17/><D64/><U91/><E71/><V55/><F92/><W116/><G116/><T49/><D124/><U134/><E134/><V14/><F14/><W7/><G103/><T44/><D113/><U16/><E107/><V32/><F32/><W53/><G53/><T117/><D117/><U41/><E98/><V58/><F87/><W78/><G78/><T4/><D4/><U35/><E96/><V74/><F74/><W105/><G105/><T8/><D121/><U102/><E35/><V19/><REACH who="2" step="1"/><F58/><REACH who="2" ten="390,220,48,332" step="2"/><W123/><G0/><T39/><D57/><U34/><E34/><V60/><F60/><W62/><G61/><T75/><D75/><U131/><E102/><V59/><F59/><W122/><G62/><T128/><D93/><N who="1" m="54503" /><E131/><V119/><F119/><W77/><G122/><T66/><D86/><U18/><E43/><AGARI ba="0,1" hai="19,20,26,43,47,50,52,55,56,63,65,79,83,85" machi="43" ten="30,8000,1" yaku="1,1,7,1,8,1,54,1,53,1" doraHai="25" doraHaiUra="12" who="2" fromWho="1" sc="390,0,220,-80,48,90,332,0" /><INIT seed="6,0,0,0,2,27" ten="390,140,138,332" oya="2" hai0="94,120,20,83,65,82,108,77,47,89,122,8,75" hai1="112,84,46,86,119,63,123,100,134,133,25,51,15" hai2="1,61,11,106,99,9,59,62,126,81,13,88,3" hai3="101,128,2,7,78,107,92,37,110,114,121,130,117"/><V30/><F126/><W69/><RYUUKYOKU type="yao9" ba="0,0" sc="390,0,140,0,138,0,332,0" hai3="2,7,37,69,78,92,101,107,110,114,117,121,128,130" /><INIT seed="6,1,0,2,3,67" ten="390,140,138,332" oya="2" hai0="16,134,126,46,39,111,109,56,29,14,7,99,106" hai1="74,36,95,64,76,9,100,45,18,128,27,15,50" hai2="33,108,133,81,93,73,71,89,30,23,57,62,61" hai3="112,24,115,54,123,66,4,52,41,82,116,86,40"/><V87/><F33/><W110/><G116/><T11/><D29/><U53/><E128/><V43/><F133/><W131/><G110/><T72/><D72/><U32/><E36/><V69/><F108/><W107/><G107/><T47/><D134/><U94/><E100/><V34/><F34/><W31/><G131/><T79/><D79/><U114/><E114/><N who="3" m="43562" /><G4/><T130/><D130/><U88/><E64/><V77/><F43/><N who="3" m="16459" /><G66/><T20/><D39/><U3/><E3/><V118/><F118/><W92/><G92/><T104/><D104/><U44/><E95/><V127/><F127/><W58/><G58/><T120/><D126/><U91/><E94/><V113/><F113/><W38/><G38/><T51/><D111/><U37/><E37/><V63/><REACH who="2" step="1"/><F57/><REACH who="2" ten="390,140,128,332" step="2"/><W117/><G117/><T55/><D109/><U12/><E45/><V6/><F6/><W8/><G123/><T49/><D120/><U60/><E60/><V75/><F75/><W105/><G105/><T125/><D125/><U78/><E74/><V65/><F65/><W98/><G98/><T119/><D119/><U10/><E32/><V85/><F85/><W42/><G86/><T80/><D106/><U129/><E129/><V135/><F135/><W68/><G82/><T103/><D80/><U13/><E78/><V19/><F19/><W21/><G42/><T122/><D122/><U84/><E76/><V96/><F96/><W2/><G54/><T124/><D124/><U5/><E84/><V0/><F0/><W59/><G2/><N who="0" m="503" /><D49/><U17/><E5/><V102/><F102/><W35/><G35/><RYUUKYOKU ba="1,1" sc="390,15,140,-15,128,15,332,-15" hai0="14,16,20,46,47,51,55,56,99,103" hai2="23,30,61,62,63,69,71,73,77,81,87,89,93" /><INIT seed="6,2,1,5,0,104" ten="405,125,143,317" oya="2" hai0="36,108,8,61,12,124,45,59,76,68,78,87,53" hai1="113,99,34,26,115,41,15,94,6,70,105,100,111" hai2="16,128,89,71,79,123,77,48,80,97,10,130,13" hai3="2,1,27,17,92,58,107,35,29,125,116,63,98"/><V91/><F123/><W110/><G110/><T38/><D108/><U72/><E111/><V43/><F71/><W112/><G116/><T51/><D124/><U4/><E70/><V7/><F79/><W22/><G107/><T32/><D32/><U64/><E64/><V56/><F7/><N who="1" m="2601" /><E41/><V39/><F39/><W60/><G60/><T118/><D118/><U83/><E15/><V122/><F122/><W103/><G112/><N who="1" m="43082" /><E105/><V44/><F56/><W134/><G134/><T0/><D0/><U47/><E47/><V133/><F133/><W54/><G125/><T57/><D57/><U69/><E69/><V109/><F109/><W73/><G1/><T135/><D135/><U52/><E52/><V55/><F43/><W24/><G2/><T30/><D68/><U20/><E34/><V62/><F62/><W74/><AGARI ba="2,1" hai="17,22,24,27,29,35,54,58,63,73,74,92,98,103" machi="74" ten="30,4000,0" yaku="0,1,52,2" doraHai="104" who="3" fromWho="3" sc="405,-12,125,-12,143,-22,317,56" /><INIT seed="7,0,0,0,0,49" ten="393,113,121,373" oya="3" hai0="44,68,117,57,97,1,6,18,62,112,0,15,9" hai1="135,108,93,67,13,37,90,122,84,14,58,83,113" hai2="78,42,111,34,36,63,46,65,115,50,126,116,102" hai3="70,11,28,95,56,55,127,131,39,124,38,121,109"/><W82/><G121/><T66/><D117/><U105/><E122/><V69/><F34/><W125/><G109/><T128/><D128/><U99/><E108/><V5/><F111/><W133/><G133/><T26/><D112/><U101/><E37/><V106/><F116/><W52/><G70/><T98/><D0/><U91/><E135/><V2/><F115/><W27/><G131/><T88/><D26/><U23/><E113/><V123/><F123/><W114/><G114/><T33/><D33/><U3/><E3/><V12/><F126/><W76/><G56/><T119/><D119/><U94/><E105/><V130/><F130/><W85/><G95/><T87/><D44/><U103/><E23/><V100/><F2/><W22/><G11/><T19/><D68/><U107/><E107/><V30/><F30/><W61/><G61/><T4/><D19/><U132/><E132/><V74/><F106/><W86/><G85/><T104/><D104/><U96/><E103/><V16/><F5/><N who="0" m="2154" /><D1/><U75/><E75/><V51/><F102/><W53/><AGARI ba="0,0" hai="22,27,28,38,39,52,53,55,76,82,86,124,125,127" machi="53" ten="40,18000,2" yaku="0,1,18,1,52,3,54,1" doraHai="49" who="3" fromWho="3" sc="393,-60,113,-60,121,-60,373,180" owari="333,13.0,53,-45.0,61,-34.0,553,66.0" /></mjloggm>